
@Article{mezzacappa:2001,
  author = {{Mezzacappa}, A.},
  title = "{Toward a standard model of core collapse supernovae}",
  journal = {\nphysa},
  year = 2001,
  month = may,
  volume = {688},
  number = {1-2},
  pages = {158-167},
  doi = {10.1016/S0375-9474(01)00690-X},
  archiveprefix = {arXiv},
  eprint = {astro-ph/0010580},
  primaryclass = {astro-ph},
  adsurl = {https://ui.adsabs.harvard.edu/abs/2001NuPhA.688..158M}
}
